<?xml version="1.0" encoding="UTF-8"?><collection xmlns="http://www.loc.gov/MARC21/slim"><record><leader>00536nam--2200181-i-4500</leader><controlfield tag="001">000040636</controlfield><controlfield tag="002">20161230</controlfield><controlfield tag="005">20161230201042</controlfield><controlfield tag="008">060222s1000------------r-----000-0-eng-d</controlfield><datafield ind1=" " ind2=" " tag="020"><subfield code="a">9971966824</subfield></datafield><datafield ind1=" " ind2=" " tag="040"><subfield code="a">IFIN-HH</subfield></datafield><datafield ind1=" " ind2=" " tag="080"><subfield code="a">539.172(061.3)</subfield></datafield><datafield ind1="1" ind2=" " tag="100"><subfield code="a">Scholten,O</subfield></datafield><datafield ind1="1" ind2="0" tag="245"><subfield code="a">Workshop on interacting boson-boson and boson-fermion systems</subfield><subfield code="b">Gull lake, michigan 28-30 may 1984</subfield><subfield code="c">O. scholten (ed.)</subfield></datafield><datafield ind1=" " ind2=" " tag="260"><subfield code="a">Singapore</subfield><subfield code="b">World Scientific</subfield><subfield code="c">1984</subfield></datafield><datafield ind1=" " ind2=" " tag="300"><subfield code="a">IX + 387 P</subfield></datafield><datafield ind1=" " ind2=" " tag="852"><subfield code="a">72846</subfield><subfield code="c">539.17</subfield></datafield><datafield ind1=" " ind2=" " tag="CAT"><subfield code="a">Sys</subfield><subfield code="c">20120625</subfield><subfield code="h">111751</subfield></datafield></record></collection>